<?xml version="1.0" encoding="UTF-8"?>

                <record xmlns="http://www.loc.gov/MARC21/slim">
                    <leader>01608nam a2200445 cb4500</leader>
                    <controlfield tag="001">990005980880203331</controlfield>
                    <controlfield tag="005">20201209142341.0</controlfield>
                    <controlfield tag="007">tu</controlfield>
                    <controlfield tag="008">950914|1962####|||###########|||#|#ger#c</controlfield>
                    <controlfield tag="009">AC01240129</controlfield>
                    <datafield tag="015" ind1=" " ind2=" ">
                        <subfield code="a">BI,058,9745</subfield>
                        <subfield code="2">dnb</subfield>
                    </datafield>
                    <datafield tag="035" ind1=" " ind2=" ">
                        <subfield code="a">(AT-OBV)AC01240129</subfield>
                    </datafield>
                    <datafield tag="035" ind1=" " ind2=" ">
                        <subfield code="a">(DE-599)OBVAC01240129</subfield>
                    </datafield>
                    <datafield tag="040" ind1=" " ind2=" ">
                        <subfield code="a">UBS</subfield>
                        <subfield code="b">ger</subfield>
                        <subfield code="d">PAR</subfield>
                        <subfield code="e">rakwb</subfield>
                    </datafield>
                    <datafield tag="041" ind1=" " ind2=" ">
                        <subfield code="a">ger</subfield>
                    </datafield>
                    <datafield tag="044" ind1=" " ind2=" ">
                        <subfield code="c">XA-DE</subfield>
                    </datafield>
                    <datafield tag="245" ind1="0" ind2="0">
                        <subfield code="a">&lt;&lt;Die>> Friedensaktion der Meinlgruppe 1917/18</subfield>
                        <subfield code="b">die Bemühungen um einen Verständigungsfrieden nach Dokumenten, Aktenstücken und Briefen</subfield>
                        <subfield code="c">bearb. von Heinrich Benedikt</subfield>
                    </datafield>
                    <datafield tag="264" ind1=" " ind2="1">
                        <subfield code="a">Graz</subfield>
                        <subfield code="a">Köln</subfield>
                        <subfield code="b">Böhlau</subfield>
                        <subfield code="c">1962</subfield>
                    </datafield>
                    <datafield tag="300" ind1=" " ind2=" ">
                        <subfield code="a">308 S.</subfield>
                        <subfield code="b">Ill.</subfield>
                    </datafield>
                    <datafield tag="490" ind1="1" ind2=" ">
                        <subfield code="a">Veröffentlichungen der Kommission für Neuere Geschichte Österreichs</subfield>
                        <subfield code="v">48</subfield>
                    </datafield>
                    <datafield tag="500" ind1=" " ind2=" ">
                        <subfield code="a">Literaturverz. S. [303] - 304</subfield>
                    </datafield>
                    <datafield tag="689" ind1="0" ind2="0">
                        <subfield code="a">Weltkrieg</subfield>
                        <subfield code="g">1914-1918</subfield>
                        <subfield code="D">s</subfield>
                        <subfield code="0">(DE-588)4079163-4</subfield>
                    </datafield>
                    <datafield tag="689" ind1="0" ind2="1">
                        <subfield code="a">Friedensbemühung</subfield>
                        <subfield code="D">s</subfield>
                        <subfield code="0">(DE-588)4155429-2</subfield>
                    </datafield>
                    <datafield tag="689" ind1="0" ind2=" ">
                        <subfield code="5">AT-OBV</subfield>
                        <subfield code="5">WUWW08</subfield>
                    </datafield>
                    <datafield tag="689" ind1="1" ind2="0">
                        <subfield code="a">Friedensbemühung</subfield>
                        <subfield code="D">s</subfield>
                        <subfield code="0">(DE-588)4155429-2</subfield>
                    </datafield>
                    <datafield tag="689" ind1="1" ind2="1">
                        <subfield code="a">Österreich</subfield>
                        <subfield code="D">g</subfield>
                        <subfield code="0">(DE-588)4043271-3</subfield>
                    </datafield>
                    <datafield tag="689" ind1="1" ind2="2">
                        <subfield code="a">Geschichte</subfield>
                        <subfield code="A">z</subfield>
                    </datafield>
                    <datafield tag="689" ind1="1" ind2="3">
                        <subfield code="a">Geschichte 1917-1918</subfield>
                        <subfield code="A">z</subfield>
                    </datafield>
                    <datafield tag="689" ind1="1" ind2=" ">
                        <subfield code="5">AT-OBV</subfield>
                        <subfield code="5">ONB-PI</subfield>
                    </datafield>
                    <datafield tag="689" ind1="2" ind2="0">
                        <subfield code="a">Meinl, Julius</subfield>
                        <subfield code="d">1903-1991</subfield>
                        <subfield code="D">p</subfield>
                        <subfield code="0">(DE-588)118782916</subfield>
                    </datafield>
                    <datafield tag="689" ind1="2" ind2="1">
                        <subfield code="a">Weltkrieg</subfield>
                        <subfield code="g">1914-1918</subfield>
                        <subfield code="D">s</subfield>
                        <subfield code="0">(DE-588)4079163-4</subfield>
                    </datafield>
                    <datafield tag="689" ind1="2" ind2="2">
                        <subfield code="a">Friede</subfield>
                        <subfield code="D">s</subfield>
                        <subfield code="0">(DE-588)4071465-2</subfield>
                    </datafield>
                    <datafield tag="689" ind1="2" ind2="3">
                        <subfield code="a">Quelle</subfield>
                        <subfield code="A">f</subfield>
                    </datafield>
                    <datafield tag="689" ind1="2" ind2=" ">
                        <subfield code="5">AT-OBV</subfield>
                        <subfield code="5">PARLIA</subfield>
                    </datafield>
                    <datafield tag="700" ind1="1" ind2=" ">
                        <subfield code="a">Benedikt, Heinrich</subfield>
                        <subfield code="d">1886-1981</subfield>
                        <subfield code="0">(DE-588)11850892X</subfield>
                        <subfield code="4">edt</subfield>
                    </datafield>
                    <datafield tag="830" ind1=" " ind2="0">
                        <subfield code="w">(AT-OBV)AC00112585</subfield>
                        <subfield code="v">48</subfield>
                        <subfield code="9">O:1</subfield>
                    </datafield>
                    <datafield tag="852" ind1="0" ind2="1">
                        <subfield code="a">43ACC_VBK</subfield>
                        <subfield code="6">990001805070203342</subfield>
                        <subfield code="9">P</subfield>
                    </datafield>
                    <datafield tag="852" ind1="0" ind2="1">
                        <subfield code="a">43ACC_STFTHLGKR_BIB</subfield>
                        <subfield code="6">990001343260204537</subfield>
                        <subfield code="9">P</subfield>
                    </datafield>
                    <datafield tag="852" ind1="0" ind2="1">
                        <subfield code="a">43ACC_UBS</subfield>
                        <subfield code="6">990001450210203341</subfield>
                        <subfield code="9">P</subfield>
                    </datafield>
                    <datafield tag="852" ind1="0" ind2="1">
                        <subfield code="a">43ACC_SLA</subfield>
                        <subfield code="6">990001597800204535</subfield>
                        <subfield code="9">P</subfield>
                    </datafield>
                    <datafield tag="852" ind1="0" ind2="1">
                        <subfield code="a">43ACC_WIENB</subfield>
                        <subfield code="6">9910676548104516</subfield>
                        <subfield code="9">P</subfield>
                    </datafield>
                    <datafield tag="852" ind1="0" ind2="1">
                        <subfield code="a">43ACC_UBW</subfield>
                        <subfield code="6">990007085750203332</subfield>
                        <subfield code="9">P</subfield>
                    </datafield>
                    <datafield tag="852" ind1="0" ind2="1">
                        <subfield code="a">43ACC_OEAW</subfield>
                        <subfield code="6">990000755170504498</subfield>
                        <subfield code="9">P</subfield>
                    </datafield>
                    <datafield tag="852" ind1="0" ind2="1">
                        <subfield code="a">43ACC_DWEW</subfield>
                        <subfield code="6">990003330780404515</subfield>
                        <subfield code="9">P</subfield>
                    </datafield>
                    <datafield tag="852" ind1="0" ind2="1">
                        <subfield code="a">43ACC_UBK</subfield>
                        <subfield code="6">990004640530203346</subfield>
                        <subfield code="9">P</subfield>
                    </datafield>
                    <datafield tag="852" ind1="0" ind2="1">
                        <subfield code="a">43ACC_UBL</subfield>
                        <subfield code="6">990002759990103340</subfield>
                        <subfield code="9">P</subfield>
                    </datafield>
                    <datafield tag="852" ind1="0" ind2="1">
                        <subfield code="a">43ACC_ONB</subfield>
                        <subfield code="6">990018634060603338</subfield>
                        <subfield code="9">P</subfield>
                    </datafield>
                    <datafield tag="852" ind1="0" ind2="1">
                        <subfield code="a">43ACC_BRIDGE_PAR</subfield>
                        <subfield code="6">9963901204485</subfield>
                        <subfield code="9">P</subfield>
                    </datafield>
                    <datafield tag="852" ind1="0" ind2="1">
                        <subfield code="a">43ACC_TUW</subfield>
                        <subfield code="6">990004668170203336</subfield>
                        <subfield code="9">P</subfield>
                    </datafield>
                    <datafield tag="852" ind1="0" ind2="1">
                        <subfield code="a">43ACC_BMA</subfield>
                        <subfield code="6">990001840580304534</subfield>
                        <subfield code="9">P</subfield>
                    </datafield>
                    <datafield tag="852" ind1="0" ind2="1">
                        <subfield code="a">43ACC_WUW</subfield>
                        <subfield code="6">990003083230203337</subfield>
                        <subfield code="9">P</subfield>
                    </datafield>
                    <datafield tag="852" ind1="0" ind2="1">
                        <subfield code="a">43ACC_UBG</subfield>
                        <subfield code="6">990017978360203339</subfield>
                        <subfield code="9">P</subfield>
                    </datafield>
                    <datafield tag="852" ind1="0" ind2="1">
                        <subfield code="a">43ACC_UBI</subfield>
                        <subfield code="6">990006987740103333</subfield>
                        <subfield code="9">P</subfield>
                    </datafield>
                    <datafield tag="852" ind1="0" ind2="1">
                        <subfield code="a">43ACC_AKW</subfield>
                        <subfield code="6">990000594140203343</subfield>
                        <subfield code="9">P</subfield>
                    </datafield>
                    <datafield tag="852" ind1="0" ind2="1">
                        <subfield code="a">43ACC_DBSBG</subfield>
                        <subfield code="6">9931472604529</subfield>
                        <subfield code="9">P</subfield>
                    </datafield>
                    <datafield tag="852" ind1="0" ind2="1">
                        <subfield code="a">43ACC_OOELB</subfield>
                        <subfield code="6">990001108610304508</subfield>
                        <subfield code="9">P</subfield>
                    </datafield>
                    <datafield tag="970" ind1="1" ind2=" ">
                        <subfield code="c">54</subfield>
                    </datafield>
                    <datafield tag="974" ind1="0" ind2="s">
                        <subfield code="F">030</subfield>
                        <subfield code="A">a|1dcr|||||37</subfield>
                    </datafield>
                    <datafield tag="974" ind1="0" ind2="s">
                        <subfield code="F">050</subfield>
                        <subfield code="A">a|a|||||||||||</subfield>
                    </datafield>
                    <datafield tag="974" ind1="0" ind2="s">
                        <subfield code="F">051</subfield>
                        <subfield code="A">s||||||</subfield>
                    </datafield>
                </record>

